<?xml version="1.0" encoding="UTF-8"?><collection xmlns="http://www.loc.gov/MARC21/slim"><record><leader>00407nam--2200121-i-4500</leader><controlfield tag="001">000046999</controlfield><controlfield tag="002">20161230</controlfield><controlfield tag="005">20161230201046</controlfield><controlfield tag="008">060222s1000------------r-----000-0-eng-d</controlfield><datafield ind1=" " ind2=" " tag="100"><subfield code="a">Webber, R.B</subfield></datafield><datafield ind1=" " ind2=" " tag="245"><subfield code="a">The book of ph. a simple and complete description of the theory and practice of the measurement of ph as applied to science and industry</subfield></datafield><datafield ind1=" " ind2=" " tag="260"><subfield code="a">London, George Newnes Ltd., 1957, 110p</subfield></datafield><datafield ind1=" " ind2=" " tag="852"><subfield code="a">14938</subfield></datafield></record></collection>